@article{Fenn:2006,
  author = 	 {Fenn, J{\"u}rgen},
  title = 	 {Managing citations and your bibliography with {\BibTeX}},
  journal = 	{THEPRACTEXJOURNAL},
  year = 	 {2006},
  key = 	 {},
  volume = 	 {},
  number = 	 {4},
  pages = 	 {},
  month = 	 {},
  note = 	 {}
}

@book{Knuth:1986,
  author = 	 {Knuth, Donald E.},
  title = 	 {The \TeX{book}},
  publisher = 	{ADDISONWESLEY},
  year = 	 {1986},
  key = 	 {},
  volume = 	 {},
  series = 	{NUMBER},
  address = 	 {},
  edition = 	 {},
  month = 	 {},
  note = 	 {}
}

@article{Fenn:2006,
  author = 	 {Fenn, J{\"u}rgen},
  title = 	 {Managing citations and your bibliography with {\BibTeX}},
  journal = 	{THEPRACTEXJOURNAL},
  year = 	 {2006},
  key = 	 {},
  volume = 	 {},
  number = 	 {4},
  pages = 	 {},
  month = 	 {},
  note = 	 {}
}

@misc{BM:2015,
  key = 	 {},
  author = 	 {Bedon, Nicolas and Lefebvre, Arnaud and Mignot, Ludovic},
  title = 	 {Mybib: utilitaire de manipulation de {\BibTeX}},
  howpublished = {},
  month = 	 {nov},
  year = 	 {2015},
  note = 	 {Projet de compilation, $1^\text{ère}$ année du Master d'informatique de l'Université de Rouen, année universitaire 2015--16}
}

@article{Fenn:2006,
  author = 	 {Fenn, J{\"u}rgen},
  title = 	 {Managing citations and your bibliography with {\BibTeX}},
  journal = 	{THEPRACTEXJOURNAL},
  year = 	 {2006},
  key = 	 {},
  volume = 	 {},
  number = 	 {4},
  pages = 	 {},
  month = 	 {},
  note = 	 {}
}

@manual{exemple:2015,
  author = 	 {},
  title = 	 {Exemple manual},
  organization = 	{Organization},
  address = 	 {},
  edition = 	 {},
  month = 	 {},
  year = 	 {2015},
  key = 	 {},
  note = 	 {}
}

@article{Fenn:2006,
  author = 	 {Fenn, J{\"u}rgen},
  title = 	 {Managing citations and your bibliography with {\BibTeX}},
  journal = 	{THEPRACTEXJOURNAL},
  year = 	 {2006},
  key = 	 {},
  volume = 	 {},
  number = 	 {4},
  pages = 	 {},
  month = 	 {},
  note = 	 {}
}

@misc{BM:2015,
  key = 	 {},
  author = 	 {Bedon, Nicolas and Lefebvre, Arnaud and Mignot, Ludovic},
  title = 	 {Mybib: utilitaire de manipulation de {\BibTeX}},
  howpublished = {},
  month = 	 {nov},
  year = 	 {2015},
  note = 	 {Projet de compilation, $1^\text{ère}$ année du Master d'informatique de l'Université de Rouen, année universitaire 2015--16}
}